<record><leader>00000cas a2200000 a 4500</leader><controlfield tag="001">11671504</controlfield><controlfield tag="008">850208d19331933ksuwr ne      0   a0eng d</controlfield><datafield ind1=" " ind2=" " tag="010"><subfield code="a">sn 85030874 </subfield></datafield><datafield ind1=" " ind2=" " tag="040"><subfield code="a">KSH</subfield><subfield code="b">eng</subfield><subfield code="c">KSH</subfield><subfield code="d">NPT</subfield><subfield code="d">OCL</subfield><subfield code="d">OCLCQ</subfield></datafield><datafield ind1=" " ind2=" " tag="042"><subfield code="a">msc</subfield></datafield><datafield ind1="0" ind2="4" tag="245"><subfield code="a">The Jetmore republican and Hodgeman County news.</subfield></datafield><datafield ind1=" " ind2=" " tag="260"><subfield code="a">Jetmore, Kan. :</subfield><subfield code="b">Frank F. Baily,</subfield><subfield code="c">1933.</subfield></datafield><datafield ind1=" " ind2=" " tag="300"><subfield code="a">1 v. :</subfield><subfield code="b">ill. ;</subfield><subfield code="c">55 cm.</subfield></datafield><datafield ind1=" " ind2=" " tag="310"><subfield code="a">Weekly</subfield></datafield><datafield ind1="0" ind2=" " tag="362"><subfield code="a">Vol. 54, no. 17 (May 11, 1933)-v. 54, no. 20 (June 1, 1933).</subfield></datafield><datafield ind1=" " ind2=" " tag="752"><subfield code="a">United States</subfield><subfield code="b">Kansas</subfield><subfield code="c">Hodgeman</subfield><subfield code="d">Jetmore.</subfield></datafield><datafield ind1="0" ind2="4" tag="780"><subfield code="t">Jetmore republican (Jetmore, Kan. : 1895)</subfield><subfield code="w">(DLC)sn 85030868</subfield></datafield><datafield ind1="0" ind2="4" tag="780"><subfield code="t">Hodgeman County news</subfield><subfield code="w">(DLC)sn 85030871</subfield></datafield><datafield ind1="0" ind2="0" tag="785"><subfield code="t">Jetmore republican (Jetmore, Kan. : 1933)</subfield><subfield code="w">(DLC)sn 85030875</subfield></datafield></record>